<?xml version="1.0" encoding="UTF-8"?><collection xmlns="http://www.loc.gov/MARC21/slim"><record><leader>00494nam--2200133-i-4500</leader><controlfield tag="001">000013131</controlfield><controlfield tag="002">20161230</controlfield><controlfield tag="005">20161230201030</controlfield><controlfield tag="008">060222s1000------------r-----000-0-eng-d</controlfield><datafield ind1=" " ind2=" " tag="245"><subfield code="a">Energy storage, compression and switching. pro ceedings of the international conference on en ergy storage, compression and switching held i n asti-torino, italy, november 5-7, 1974</subfield></datafield><datafield ind1=" " ind2=" " tag="260"><subfield code="a">New York, Plenum Press, 1976</subfield></datafield><datafield ind1=" " ind2=" " tag="490"><subfield code="a">Xiii + 537 P</subfield></datafield><datafield ind1=" " ind2=" " tag="700"><subfield code="a">Bostick, H.W./S.A.</subfield></datafield><datafield ind1=" " ind2=" " tag="852"><subfield code="a">621.311:620.91(061.3)</subfield></datafield></record></collection>